%Esto es un ejemplo
@mastersthesis{rivera2022implementacion,
  title={Implementaci{\'o}n de reconocimiento facial y visi{\'o}n artificial en robot nao con Python y Opencv},
  author={Rivera It{\'u}rburu, Isaac Giovanni and Zambrano Guaranda, Douglas Fabricio},
  type={{B.S.} thesis},
  year={2022}
}
%Fin del ejemplo
